
@inproceedings{shsc08,
 author = {Naveen Singla and Michael Hall and Berkley Shands and
 Roger D. Chamberlain},
 title = {Financial {Monte Carlo} Simulation on Architecturally Diverse Systems},
 booktitle = {Proc.\ of Workshop on High Performance Computational Finance},
 month = nov,
 year = 2008
}

@inproceedings{ctg+07,
 author = {Roger D. Chamberlain and Eric J. Tyson and Saurabh Gayen and
 Mark A. Franklin and Jeremy Buhler and Patrick Crowley and James Buckley},
 title = {Application Development on Hybrid Systems},
 booktitle = {Proc.\ of ACM/IEEE Conf. on Supercomputing},
 month = nov,
 year = 2007
}

@inproceedings{ftb+06,
author = {Mark A. Franklin and Eric J. Tyson and James Buckley and
Patrick Crowley and John Maschmeyer},
booktitle = {Proc.\ of Int'l Parallel and Distributed Processing Symposium},
title = {{Auto-Pipe} and the {X} Language: A Pipeline Design Tool
and Description Language},
month = apr,
year = {2006}
}

@article{cft+10,
author = {Roger D. Chamberlain and Mark A. Franklin and Eric J. Tyson and
James H. Buckley and Jeremy Buhler and Greg Galloway and Saurabh Gayen and
Michael Hall and E.F. Berkley Shands and Naveen Singla},
title = {Auto-Pipe: Streaming Applications on Architecturally Diverse Systems},
journal = Computer,
volume = 43,
number = 3,
pages = {42-49},
month = mar,
year = 2010,
}

@inproceedings{tl10,
author = {Tsoi, Kuen Hung and Luk, Wayne},
title = {Axel: A Heterogeneous Cluster with {FPGAs} and {GPUs}},
booktitle = {Proc.\ of 18th ACM/SIGDA Int'l Symposium on Field Programmable
Gate Arrays},
pages = {115--124},
month = feb,
year = {2010},
}

@incollection{ll12,
author = {Liu, Qiang and Luk, Wayne},
title = {Heterogeneous Systems for Energy Efficient Scientific Computing},
editor = {Choy, O.C.S. and Cheung, R.C.C. and Athanas, P. and Sano, K.},
booktitle = {Proc. of 8th Int'l Symp. on Applied Reconfigurable Computing, Reconfigurable Computing: Architectures, Tools and Applications, Lecture Notes in Computer Science},
volume = {7199},
pages = {64-75},
publisher = {Springer},
address = {Berlin, Heidelberg}
}

@article{bblg13,
 author = {Belviranli, Mehmet E. and Bhuyan, Laxmi N. and Gupta, Rajiv},
 title = {A Dynamic Self-scheduling Scheme for Heterogeneous Multiprocessor Architectures},
 journal = {ACM Trans. Archit. Code Optim.},
 volume = {9},
 number = {4},
 month = jan,
 year = {2013},
 pages = {57:1--57:20},
 doi = {10.1145/2400682.2400716},
 publisher = {ACM},
 address = {New York, NY, USA},
} 

@article{ibs21,
 author = {Inta, Ra and Bowman, David J. and Scott, Susan M.},
 title = {The ``{Chimera}'': An Off-the-shelf {CPU/GPGPU/FPGA} Hybrid Computing Platform},
 journal = {International Journal of Reconfigurable Computing},
 volume = {2012},
 month = jan,
 year = {2012},
 numpages = 10,
 url = {http://dx.doi.org/10.1155/2012/241439},
 doi = {10.1155/2012/241439},
 publisher = {Hindawi Publishing Corp.},
 address = {New York, NY, United States},
}

@inproceedings{sep+09,
author = {Michael Showerman and Jeremy Enos and Avneesh Pant and
Volodymyr Kindratenko and Craig Steffen and Robert Pennington and
{Wen-mei} Hwu},
title = {{QP}: A Heterogeneous Multi-Accelerator Cluster},
booktitle = {Proc.\ of 10th LCI Int'l Conf. on High-Performance Clustered Computing},
month = mar,
year = 2009,
}

@article{mv15,
 author = {Mittal, Sparsh and Vetter, Jeffrey S.},
 title = {A Survey of {CPU-GPU} Heterogeneous Computing Techniques},
 journal = {ACM Comput. Surv.},
 volume = {47},
 number = {4},
 month = jul,
 year = {2015},
 pages = {69:1--69:35},
 doi = {10.1145/2788396},
 publisher = {ACM},
 address = {New York, NY, USA},
}

@inproceedings{kdh+06,
author = {Eric J. Kelmelis and James P. Durbano and John R. Humphrey and
Fernando E. Ortiz and Petersen F. Curt},
title = {Modeling and simulation of nanoscale devices with a desktop supercomputer},
booktitle = {Proc.\ of SPIE, Nanomodeling II},
volume = {6328},
pages = {632804-1 -- 632804-12},
month = sep,
year = {2006},
doi = {10.1117/12.681085},
}

@inproceedings{khdo06,
author = {Eric J. Kelmelis and John R. Humphrey and James P. Durbano and
Fernando E. Ortiz},
title = {Accelerated modeling and simulation with a desktop supercomputer},
booktitle = {Proc.\ of SPIE, Enabling Technologies for Simulation Science X},
volume = {6227},
pages = {62270N-1 -- 62270N-9},
month = may,
year = {2006},
doi = {10.1117/12.668281},
}
